@article{iba2010analyzing,
  title={Analyzing the creative editing behavior of Wikipedia editors: Through dynamic social network analysis},
  author={Iba, Takashi and Nemoto, Keiichi and Peters, Bernd and Gloor, Peter A},
  journal={Procedia-Social and Behavioral Sciences},
  volume={2},
  number={4},
  pages={6441--6456},
  year={2010},
  publisher={Elsevier}
}

@article{holman2008comparison,
  title={Comparison of Wikipedia and other encyclopedias for accuracy, breadth, and depth in historical articles},
  author={Holman Rector, Lucy},
  journal={Reference services review},
  volume={36},
  number={1},
  pages={7--22},
  year={2008},
  publisher={Emerald Group Publishing Limited}
}

@article{giles2005internet,
  title={Internet encyclopaedias go head to head},
  author={Giles, Jim},
  journal={Nature},
  volume={438},
  number={7070},
  pages={900--901},
  year={2005},
  publisher={Nature Publishing Group}
}

@article{halavais2008analysis,
  title={An analysis of topical coverage of Wikipedia},
  author={Halavais, Alexander and Lackaff, Derek},
  journal={Journal of Computer-Mediated Communication},
  volume={13},
  number={2},
  pages={429--440},
  year={2008},
  publisher={Wiley Online Library}
}

@article{hill2013wikipedia,
  title={The Wikipedia gender gap revisited: Characterizing survey response bias with propensity score estimation},
  author={Hill, Benjamin Mako and Shaw, Aaron},
  journal={PloS one},
  volume={8},
  number={6},
  pages={e65782},
  year={2013},
  publisher={Public Library of Science}
}

@article{williams2015identifying,
  title={Identifying missing dictionary entries with frequency-conserving context models},
  author={Williams, Jake Ryland and Clark, Eric M and Bagrow, James P and Danforth, Christopher M and Dodds, Peter Sheridan},
  journal={Physical Review E},
  volume={92},
  number={4},
  pages={042808},
  year={2015},
  publisher={APS}
}

@inproceedings{banerjee2007clustering,
  title={Clustering short texts using wikipedia},
  author={Banerjee, Somnath and Ramanathan, Krishnan and Gupta, Ajay},
  booktitle={Proceedings of the 30th annual international ACM SIGIR conference on Research and development in information retrieval},
  pages={787--788},
  year={2007},
  organization={ACM}
}

@inproceedings{gabrilovich2007computing,
  title={Computing semantic relatedness using wikipedia-based explicit semantic analysis.},
  author={Gabrilovich, Evgeniy and Markovitch, Shaul},
  booktitle={IJCAI},
  volume={7},
  pages={1606--1611},
  year={2007}
}

@inproceedings{cucerzan2007large,
  title={Large-Scale Named Entity Disambiguation Based on Wikipedia Data.},
  author={Cucerzan, Silviu},
  booktitle={EMNLP-CoNLL},
  volume={7},
  pages={708--716},
  year={2007}
}

@article{clauson2008scope,
  title={Scope, completeness, and accuracy of drug information in Wikipedia},
  author={Clauson, Kevin A and Polen, Hyla H and Boulos, Maged N Kamel and Dzenowagis, Joan H},
  journal={Annals of Pharmacotherapy},
  volume={42},
  number={12},
  pages={1814--1821},
  year={2008},
  publisher={SAGE Publications}
}


@misc{wikipedia, 
     title={Wikipedia:Statistics}, 
     url={https://en.wikipedia.org/wiki/wikipedia:statistics}, 
     journal={Wikipedia}, 
     publisher={Wikimedia Foundation}
     note = "[Online; accessed 22-April-2016]"
} 

@article{page1999pagerank,
  title={The PageRank citation ranking: bringing order to the web.},
  author={Page, Lawrence and Brin, Sergey and Motwani, Rajeev and Winograd, Terry},
  year={1999},
  publisher={Stanford InfoLab}
}

@inproceedings{chakrabarti2001integrating,
  title={Integrating the document object model with hyperlinks for enhanced topic distillation and information extraction},
  author={Chakrabarti, Soumen},
  booktitle={Proceedings of the 10th international conference on World Wide Web},
  pages={211--220},
  year={2001},
  organization={ACM}
}

@inproceedings{kamps2009wikipedia,
  title={Is wikipedia link structure different?},
  author={Kamps, Jaap and Koolen, Marijn},
  booktitle={Proceedings of the second ACM international conference on Web search and data mining},
  pages={232--241},
  year={2009},
  organization={ACM}
}

@misc{wiki_train,
   author = "Wikipedia",
   title = "Train --- Wikipedia{,} The Free Encyclopedia",
   year = "2016",
   url = "\url{https://en.wikipedia.org/w/index.php?title=Train&oldid=707143869}",
   note = "[Online; accessed 22-April-2016]"
 }         

@incollection{Bolton2007,
	author = {Martha Brandt Bolton},
	booktitle = {The Cambridge Companion to Locke's},
	editor = {Lex Newman},
	year = {2007},
	title = {The Taxonomy of Ideas in Locke's Essay},
	publisher = {Cambridge University Press}
}


@InCollection{aristotle,
	author       =	{Studtmann, Paul},
	title        =	{Aristotle's Categories},
	booktitle    =	{The Stanford Encyclopedia of Philosophy},
	editor       =	{Edward N. Zalta},
	howpublished =	{\url{http://plato.stanford.edu/archives/sum2014/entries/aristotle-categories/}},
	year         =	{2014},
	edition      =	{Summer 2014},
}

@InCollection{descartes,
	author       =	{Smith, Kurt},
	title        =	{Descartes' Theory of Ideas},
	booktitle    =	{The Stanford Encyclopedia of Philosophy},
	editor       =	{Edward N. Zalta},
	howpublished =	{\url{http://plato.stanford.edu/archives/spr2014/entries/descartes-ideas/}},
	year         =	{2014},
	edition      =	{Spring 2014},
}



@misc{hist_thesaurus, 
    title={What is the Historical Thesaurus of the OED - Oxford English Dictionary}, 
    url={http://public.oed.com/historical-thesaurus-of-the-oed/what-is-the-historical-thesaurus-of-the-oed/},
    journal={Oxford English Dictionary} 
     note = "[Online; accessed 22-April-2016]"
}



@misc{vacc, 
     title={University of Vermont}, 
     url={http://www.uvm.edu/~vacc/?page=about/default.php}, 
         journal={VACC Home :}
     note = "[Online; accessed 22-April-2016]"
 } 

 @misc{wiki_views,
     title={Page Views for Wikipedia, Non-mobile site, Normalized}, 
     url={https://stats.wikimedia.org/en/tablespageviewsmonthly.htm}, 
     note = "[Online; accessed 22-April-2016]"
 } 



@misc{weddings, 
     title={Wedding statistics in the United States},
     url={http://www.soundvision.com/article/wedding-statistics-in-the-united-states}, 
     journal={SoundVision.com}
     note = "[Online; accessed 22-April-2016]"
 } 


 @misc{wordnet, 
     title={WordNet}, 
     url={https://wordnet.princeton.edu/},
     journal={About  - }
     note = "[Online; accessed 22-April-2016]"
 } 

@article{newman2003structure,
  title={The structure and function of complex networks},
  author={Newman, Mark EJ},
  journal={SIAM review},
  volume={45},
  number={2},
  pages={167--256},
  year={2003},
  publisher={SIAM}
}

@article{eubank2004modelling,
  title={Modelling disease outbreaks in realistic urban social networks},
  author={Eubank, Stephen and Guclu, Hasan and Kumar, VS Anil and Marathe, Madhav V and Srinivasan, Aravind and Toroczkai, Zoltan and Wang, Nan},
  journal={Nature},
  volume={429},
  number={6988},
  pages={180--184},
  year={2004},
  publisher={Nature Publishing Group}
}

@article{newman2002random,
  title={Random graph models of social networks},
  author={Newman, Mark EJ and Watts, Duncan J and Strogatz, Steven H},
  journal={Proceedings of the National Academy of Sciences},
  volume={99},
  number={suppl 1},
  pages={2566--2572},
  year={2002},
  publisher={National Acad Sciences}
}

@article{horton1945erosional,
  title={Erosional development of streams and their drainage basins; hydrophysical approach to quantitative morphology},
  author={Horton, Robert E},
  journal={Geological society of America bulletin},
  volume={56},
  number={3},
  pages={275--370},
  year={1945},
  publisher={Geological Society of America}
}

@article{dodds1999unified,
  title={Unified view of scaling laws for river networks},
  author={Dodds, Peter Sheridan and Rothman, Daniel H},
  journal={Physical Review E},
  volume={59},
  number={5},
  pages={4865},
  year={1999},
  publisher={APS}
}

@article{garlaschelli2003universal,
  title={Universal scaling relations in food webs},
  author={Garlaschelli, Diego and Caldarelli, Guido and Pietronero, Luciano},
  journal={Nature},
  volume={423},
  number={6936},
  pages={165--168},
  year={2003},
  publisher={Nature Publishing Group}
}
    
@misc{mat_blog,
    title={do all first links on wikipedia lead to philosophy?}, 
    url={http://matpalm.com/blog/2011/08/13/wikipedia-philosophy/}, 
       journal={mat kelcey, blog}
     note = "[Online; accessed 22-April-2016]"
} 

@misc{Ilmari_first_links,
    title={User:Ilmari Karonen/First link}, 
    url={https://en.wikipedia.org/wiki/User:Ilmari_Karonen/First_link}, 
       journal={Wikipedia{,} The Free Encyclopedia}
     note = "[Online; accessed 22-April-2016]"
} 


@misc{bob_west, 
     title={Wikipedia's fixed point}, 
     url={http://infolab.stanford.edu/~west1/attractor.html}, 
     journal={Wikipedia's fixed point},
     author={West, Bob} 
     note = "[Online; accessed 22-April-2016]"
 }


@misc{xkcd, 
    title={xkcd: Extended Mind}, 
    url={http://xkcd.com/903/}, 
    journal={xkcd: Extended Mind}
    note = "[Online; accessed 22-April-2016]"
} 

@misc{reddit,
    title={Almost every Wikipedia page links to Philosophy if you keep clicking the first link in every article. }
    url = \url{https://www.reddit.com/r/InternetIsBeautiful/comments/35asgt/almost_every_wikipedia_page_links_to_philosophy/}
    note = "[Online; accessed 22-April-2016]"
}

@article{wagner2015s,
  title={It's a man's wikipedia? assessing gender inequality in an online encyclopedia},
  author={Wagner, Claudia and Garcia, David and Jadidi, Mohsen and Strohmaier, Markus},
  journal={arXiv preprint arXiv:1501.06307},
  year={2015}
}

@misc{wiki_edits,
	Author = {Erik Zachte},
	Month = {April},
	Title = {Wikipedia Statistics: edits per month},
	Url = {https://stats.wikimedia.org/EN/TablesDatabaseEdits.htm},
	Year = {2016}
    note = "[Online; accessed 22-April-2016]"
}


@misc{media_wiki_templates,
    note = "[Online; accessed 22-April-2016]"
	Title = {Help:Templates},
	Url = {https://www.mediawiki.org/wiki/Help:Templates}}

@article{ronen2014links,
  title={Links that speak: The global language network and its association with global fame},
  author={Ronen, Shahar and Gon{\c{c}}alves, Bruno and Hu, Kevin Z and Vespignani, Alessandro and Pinker, Steven and Hidalgo, C{\'e}sar A},
  journal={Proceedings of the National Academy of Sciences},
  volume={111},
  number={52},
  pages={E5616--E5622},
  year={2014},
  publisher={National Acad Sciences}
}

@misc{scientology,
    title = {Leah Remini on Scientology: What We Learned from 20/20} 
author = {USA Today. Gannett, 2015.}
    note = "[Online; accessed 22-April-2016]"
    url = {http://www.usatoday.com/story/life/people/2015/10/31/leah-remini-scientology-what-we-learned-2020/74937324/}
}

@article{samoilenko2016linguistic,
  title={Linguistic neighbourhoods: explaining cultural borders on Wikipedia through multilingual co-editing activity},
  author={Samoilenko, Anna and Karimi, Fariba and Edler, Daniel and Kunegis, J{\'e}r{\^o}me and Strohmaier, Markus},
  journal={EPJ Data Science},
  volume={5},
  number={1},
  pages={1},
  year={2016},
  publisher={Springer Berlin Heidelberg}
}
