%% This BibTeX bibliography file was created using BibDesk.
%% http://bibdesk.sourceforge.net/


%% Created for Mark  at 2015-11-12 18:42:49 -0500 


%% Saved with string encoding Unicode (UTF-8) 



@article{Iba20106441,
	Author = {Takashi Iba and Keiichi Nemoto and Bernd Peters and Peter A. Gloor},
	Date-Added = {2015-11-12 23:22:44 +0000},
	Date-Modified = {2015-11-12 23:22:44 +0000},
	Doi = {http://dx.doi.org/10.1016/j.sbspro.2010.04.054},
	Issn = {1877-0428},
	Journal = {Procedia - Social and Behavioral Sciences},
	Keywords = {coolfarmer},
	Note = {The 1st Collaborative Innovation Networks Conference - \{COINs2009\}},
	Number = {4},
	Pages = {6441 - 6456},
	Title = {Analyzing the Creative Editing Behavior of Wikipedia Editors: Through Dynamic Social Network Analysis},
	Url = {http://www.sciencedirect.com/science/article/pii/S1877042810011122},
	Volume = {2},
	Year = {2010},
	Bdsk-Url-1 = {http://www.sciencedirect.com/science/article/pii/S1877042810011122},
	Bdsk-Url-2 = {http://dx.doi.org/10.1016/j.sbspro.2010.04.054}}

@article{Giles:2005aa,
	Annote = {10.1038/438900a},
	Author = {Giles, Jim},
	Date = {2005/12/15/print},
	Date-Added = {2015-11-12 23:22:44 +0000},
	Date-Modified = {2015-11-12 23:22:44 +0000},
	Day = {15},
	Isbn = {0028-0836},
	Journal = {Nature},
	M3 = {10.1038/438900a},
	Month = {12},
	Number = {7070},
	Pages = {900--901},
	Title = {Internet encyclopaedias go head to head},
	Ty = {JOUR},
	Url = {http://dx.doi.org/10.1038/438900a},
	Volume = {438},
	Year = {2005},
	Bdsk-Url-1 = {http://dx.doi.org/10.1038/438900a}}

@article{ASI:ASI21423,
	Author = {Lewandowski, Dirk and Spree, Ulrike},
	Date-Added = {2015-11-12 23:22:44 +0000},
	Date-Modified = {2015-11-12 23:22:44 +0000},
	Issn = {1532-2890},
	Journal = {Journal of the American Society for Information Science and Technology},
	Number = {1},
	Pages = {117--132},
	Publisher = {Wiley Subscription Services, Inc., A Wiley Company},
	Title = {Ranking of Wikipedia articles in search engines revisited: Fair ranking for reasonable quality?},
	Volume = {62},
	Year = {2011},
	Bdsk-Url-1 = {http://dx.doi.org/10.1002/asi.21423}}
